@misc{tweepy,
  title = {{Tweepy Library}},
  author = {Joshua Roesslein Revision},
  year = {2009-2019},
  howpublished = "\url{https://www.tweepy.org/}",
  note = "[Online; accessed 01-October-2019]"
}

@misc{numpy,
  title = {{Numpy Library}},
  author = {NumPy developers.},
  year = {Copyright 2019},
  howpublished = "\url{https://numpy.org/}",
  note = "[Online; accessed 01-October-2019]"
}
